--- Livres ---
@book{
  NOM12,
  title = {Titre du livre},
  author = {Nom, Prénom and Nom2, Prénom2 and Nom3, Prénom3},
  year = {2012},
  publisher= {Éditeur}
}

--- Thèses ---
@PhDThesis{
  NOM00,
  title = {Titre de la thèse},
  author = {Nom, Prénom},
  school = {Université},
  year = {2000}
}

--- Article de journaux ---
@article{
  NOM05,
  title = {What is the Accuracy of DGPS?},
  author = {Lu’s, Sardinha Monteiro and Terry, Moore and Chris, Hill},
  journal = {Proceedings of the 61st Annual Meeting of The Institute of Navigation (2005)},
  year = {2005},
  month = {June},
  volume = {3},
  number = {2},
}

--- Article de conférence ---
@inproceedings{
  NOM09,
  title = {Titre de la publication},
  author = {Nom, Prénom and Nom, Prénom},
  booktitle = {Titre de la conférence},
  year = {2009},
  month = {Décembre},
  pages = {3-10},
}

--- Rapport ---
@techreport{
  NOM07,
  title = {Titre du rapport},
  author = {Nom, Prénom and Nom, Prénom and Nom, Prénom and Nom, Prénom},
  institution = {Université},
  year = {2007},
}

--- Site web---
@misc{
  WEB00,
  title = {{Elprocus}},
  author = {Tarun Agarwal},
  howpublished = {{\textit{https://www.elprocus.com/how-gps-system-works/}}},
  year = {2017}, 
  note = "[site-web]"
}
